<?xml version="1.0" encoding="UTF-8"?><collection xmlns="http://www.loc.gov/MARC21/slim"><record><leader>00624nam--2200205-i-4500</leader><controlfield tag="001">000044546</controlfield><controlfield tag="002">20161230</controlfield><controlfield tag="005">20161230201044</controlfield><controlfield tag="008">060222s1000------------r-----000-0-eng-d</controlfield><datafield ind1=" " ind2=" " tag="020"><subfield code="a">306670275</subfield></datafield><datafield ind1=" " ind2=" " tag="040"><subfield code="a">IFIN-HH</subfield></datafield><datafield ind1=" " ind2=" " tag="080"><subfield code="a">53.081:536</subfield></datafield><datafield ind1="1" ind2=" " tag="100"><subfield code="a">Touloukian, Y.S</subfield></datafield><datafield ind1="1" ind2="0" tag="245"><subfield code="a">Thermophysical properties of matter</subfield><subfield code="b">Vol.7: thermal radiative properties. metallic elements and alloys</subfield><subfield code="c">Y.s. touloukian; d.p. dewitt</subfield></datafield><datafield ind1=" " ind2=" " tag="260"><subfield code="a">New York</subfield><subfield code="b">Ifi/Plenum Data Corporation</subfield><subfield code="c">1970</subfield></datafield><datafield ind1=" " ind2=" " tag="300"><subfield code="a">XXIX+1539P</subfield></datafield><datafield ind1=" " ind2=" " tag="490"><subfield code="a">The Tprc Data Series</subfield></datafield><datafield ind1="1" ind2=" " tag="700"><subfield code="a">Dewitt, D.P</subfield></datafield><datafield ind1=" " ind2=" " tag="852"><subfield code="a">33661</subfield><subfield code="c">536</subfield></datafield><datafield ind1=" " ind2=" " tag="CAT"><subfield code="a">Sys</subfield><subfield code="c">20110509</subfield><subfield code="h">104235</subfield></datafield></record></collection>